%% This BibTeX bibliography file was created using BibDesk.
%% http://bibdesk.sourceforge.net/


%% Created for Anatoly Sorokin at 2013-07-25 13:46:44 +0400 


%% Saved with string encoding Unicode (UTF-8) 



@article{Elf:2004fv,
	Author = {Elf, J and Ehrenberg, M},
	Date-Added = {2013-07-25 09:46:42 +0000},
	Date-Modified = {2013-07-25 09:46:42 +0000},
	Doi = {10.1049/sb:20045021},
	File = {{Syst. Biol 2004 Elf.pdf:/Users/asorokin/Papers2/Articles/2004/Elf/Syst. Biol 2004 Elf.pdf:application/pdf}},
	Journal = {Syst. Biol},
	Language = {English},
	Local-Url = {file://localhost/Users/asorokin/Papers2/Articles/2004/Elf/Syst.%20Biol%202004%20Elf.pdf},
	Number = {2},
	Pages = {230},
	Rating = {0},
	Title = {{Spontaneous separation of bi-stable biochemical systems into spatial domains of opposite phases}},
	Uri = {\url{papers2://publication/doi/10.1049/sb:20045021}},
	Url = {http://digital-library.theiet.org/content/journals/10.1049/sb_20045021},
	Volume = {1},
	Year = {2004},
	Bdsk-File-1 = {YnBsaXN0MDDUAQIDBAUGJCVYJHZlcnNpb25YJG9iamVjdHNZJGFyY2hpdmVyVCR0b3ASAAGGoKgHCBMUFRYaIVUkbnVsbNMJCgsMDRBWJGNsYXNzV05TLmtleXNaTlMub2JqZWN0c4AHog4PgAKAA6IREoAEgAVccmVsYXRpdmVQYXRoWWFsaWFzRGF0YV8QQC4uLy4uLy4uLy4uLy4uL1BhcGVyczIvQXJ0aWNsZXMvMjAwNC9FbGYvU3lzdC4gQmlvbCAyMDA0IEVsZi5wZGbSCRcYGVdOUy5kYXRhgAZPEQHEAAAAAAHEAAIAAAhNYWNPU19IRAAAAAAAAAAAAAAAAAAAAAAAAADNU7kmSCsAAAE3VtUXU3lzdC4gQmlvbCAyMDA0IEVsZi5wZGYAAAAAAAAAAAAAAAAAAAAAAAAAAAAAAAAAAAAAAAAAAAAAAAAAAAAAATdWms4T7GMAAAAAAAAAAAAFAAUAAAkgAAAAAAAAAAAAAAAAAAAAA0VsZgAAEAAIAADNU4DmAAAAEQAIAADOE7QjAAAAAQAYATdW1QAdoikAHZ4pAB2eHgAJ3tAAAMBAAAIAT01hY09TX0hEOlVzZXJzOgBhc29yb2tpbjoAUGFwZXJzMjoAQXJ0aWNsZXM6ADIwMDQ6AEVsZjoAU3lzdC4gQmlvbCAyMDA0IEVsZi5wZGYAAA4AMAAXAFMAeQBzAHQALgAgAEIAaQBvAGwAIAAyADAAMAA0ACAARQBsAGYALgBwAGQAZgAPABIACABNAGEAYwBPAFMAXwBIAEQAEgBAVXNlcnMvYXNvcm9raW4vUGFwZXJzMi9BcnRpY2xlcy8yMDA0L0VsZi9TeXN0LiBCaW9sIDIwMDQgRWxmLnBkZgATAAEvAAAVAAIAD///AADSGxwdHlokY2xhc3NuYW1lWCRjbGFzc2VzXU5TTXV0YWJsZURhdGGjHR8gVk5TRGF0YVhOU09iamVjdNIbHCIjXE5TRGljdGlvbmFyeaIiIF8QD05TS2V5ZWRBcmNoaXZlctEmJ1Ryb290gAEACAARABoAIwAtADIANwBAAEYATQBUAFwAZwBpAGwAbgBwAHMAdQB3AIQAjgDRANYA3gDgAqgCrQK4AsECzwLTAtoC4wLoAvUC+AMKAw0DEgAAAAAAAAIBAAAAAAAAACgAAAAAAAAAAAAAAAAAAAMU},
	Bdsk-Url-1 = {http://digital-library.theiet.org/content/journals/10.1049/sb_20045021},
	Bdsk-Url-2 = {http://dx.doi.org/10.1049/sb:20045021}}

@manual{krivine2009,
	Author = {J. Krivine},
	Month = jun,
	Title = {Simplx 4 release documentation},
	Year = {2009}}

@misc{JFreeChartwebsite,
	Author = {David Gilbert and others},
	Title = {JFreeChart website http://www.jfree.org/jfreechart/},
	Url = {http://www.jfree.org/jfreechart/},
	Year = {2010},
	Bdsk-Url-1 = {http://www.jfree.org/jfreechart/}}

@article{yang2008kinetic,
	Author = {J. Yang and M.I. Monine and J.R. Faeder and W.S. Hlavacek},
	Journal = {Physical Review E},
	Number = {3},
	Pages = {31910},
	Publisher = {APS},
	Title = {{Kinetic Monte Carlo method for rule-based modeling of biochemical networks}},
	Volume = {78},
	Year = {2008}}

@manual{KaSimManual2012,
	Author = {J{\'e}r{\^o}me Feret and Jean Krivine},
	Title = {{KaSim3 Reference Manual}},
	Url = {https://github.com/jkrivine/KaSim/tree/master/man/KaSim_manual.pdf},
	Year = {2012},
note={Available at \url{https://github.com/jkrivine/KaSim} as part of the KaSim source distribution.}
}
