@incollection{danos2007scalable,
  title={Scalable simulation of cellular signaling networks},
  author={Danos, Vincent and Feret, J{\'e}r{\^o}me and Fontana, Walter and Krivine, Jean},
  booktitle={Programming Languages and Systems},
  pages={139--157},
  year={2007},
  publisher={Springer Berlin Heidelberg}
}

@article{concur07,
  title={Rule-based modelling of cellular signalling},
  author={Danos, Vincent and Feret, J{\'e}r{\^o}me and Fontana, Walter and Harmer, Russell and Krivine, Jean},
  journal={CONCUR 2007 - Concurrency Theory, 18th International Conference},
  number={4703},
  pages={17--41},
  year={2007},
  publisher={Springer}
}

@article{sos08,
  title={Agile modelling of cellular signalling},
  author={Danos, Vincent},
  journal={Electronic Notes in Theoretical Computer Science},
  volume={229},
  number={4},
  pages={3--10},
  year={2009},
  publisher={Elsevier}
}

@article{cav09,
  title={Modelling epigenetic information maintenance: A kappa tutorial},
  author={Krivine, Jean and Danos, Vincent and Benecke, Arndt},
  booktitle={CAV 2009 - Computer Aided Verification International Conference},
  pages={17--32},
  year={2009},
  publisher={Springer}
}
